<record><leader>00000cas a22000007a 4500</leader><controlfield tag="001">17844061</controlfield><controlfield tag="008">880423d19511979iauwr ne      0    0eng d</controlfield><datafield ind1=" " ind2=" " tag="010"><subfield code="a">sn 88059741 </subfield></datafield><datafield ind1=" " ind2=" " tag="040"><subfield code="a">INP</subfield><subfield code="b">eng</subfield><subfield code="c">INP</subfield><subfield code="d">OCLCQ</subfield></datafield><datafield ind1=" " ind2=" " tag="042"><subfield code="a">msc</subfield></datafield><datafield ind1="0" ind2=" " tag="130"><subfield code="a">Jackson sentinel (Maquoketa, Iowa : 1951)</subfield></datafield><datafield ind1="1" ind2="0" tag="245"><subfield code="a">Jackson sentinel.</subfield></datafield><datafield ind1="1" ind2="3" tag="246"><subfield code="a">Jackson sentinel and Maquoketa excelsior</subfield></datafield><datafield ind1=" " ind2=" " tag="260"><subfield code="a">Maquoketa, Iowa :</subfield><subfield code="b">Sentinel Print. Co.,</subfield><subfield code="c">1951-1979.</subfield></datafield><datafield ind1=" " ind2=" " tag="300"><subfield code="a">30 v.</subfield></datafield><datafield ind1=" " ind2=" " tag="310"><subfield code="a">Weekly</subfield></datafield><datafield ind1="0" ind2=" " tag="362"><subfield code="a">Vol. 97, no. 41 (Mar. 9, 1951)-[v. 126, no. 30] (Dec. 26, 1979).</subfield></datafield><datafield ind1=" " ind2=" " tag="515"><subfield code="a">Issues for -Dec. 26, 1979 called -v. 122, no. 30 but constitute -v. 126, no. 30.</subfield></datafield><datafield ind1=" " ind2=" " tag="752"><subfield code="a">United States</subfield><subfield code="b">Iowa</subfield><subfield code="c">Jackson</subfield><subfield code="d">Maquoketa.</subfield></datafield><datafield ind1="0" ind2=" " tag="777"><subfield code="t">Maquoketa community press</subfield><subfield code="w">(DLC)sn 87058112</subfield><subfield code="g">1952-1979</subfield></datafield><datafield ind1="0" ind2="0" tag="780"><subfield code="t">Jackson sentinel and Maquoketa excelsior</subfield><subfield code="w">(DLC)sn 88059703</subfield></datafield><datafield ind1="0" ind2="7" tag="785"><subfield code="t">Maquoketa community press</subfield><subfield code="w">(DLC)sn 87058112</subfield></datafield><datafield ind1="0" ind2="7" tag="785"><subfield code="t">Maquoketa sentinel-press</subfield><subfield code="w">(DLC)sn 88059405</subfield></datafield></record>